%% This BibTeX bibliography file was created using BibDesk.
%% http://bibdesk.sourceforge.net/

%% Created for cismay at 2016-07-24 13:03:51 -0700 


%% Saved with string encoding Unicode (UTF-8) 

