%% This BibTeX bibliography file was created using BibDesk.
%% http://bibdesk.sourceforge.net/

%% Created for cismay at 2016-07-29 15:18:38 -0500 


%% Saved with string encoding Unicode (UTF-8) 

@book{handson2014,
	Author = {Garrett Grolemund},
	Publisher = {O'Reilly},
	Title = {Hands-On Programming with R},
	Year = {2014}}
	
@book{usedtor2016,
    title = {Getting used to R, {RStudio}, and R Markdown},
    author = {Chester Ismay},
    year = {2016},
    url = {http://ismayc.github.io/rbasics-book}
}